
@misc{arXiv-template,
    title = {{}},
    author = {Authors},
    note = { arXiv:math/ }}

@article {Bott-Periodicity-1959,
    AUTHOR = {Bott, Raoul},
     TITLE = {The stable homotopy of the classical groups},
   JOURNAL = {Ann. of Math. (2)},
  FJOURNAL = {Annals of Mathematics. Second Series},
    VOLUME = {70},
      YEAR = {1959},
     PAGES = {313--337},
      ISSN = {0003-486X},
   MRCLASS = {57.00},
  MRNUMBER = {110104},
MRREVIEWER = {M.\ A.\ Kervaire},
       DOI = {10.2307/1970106},
       URL = {https://doi.org/10.2307/1970106},
}

@article {Hitching-2007,
    AUTHOR = {Hitching, George H.},
     TITLE = {Subbundles of symplectic and orthogonal vector bundles over
              curves},
   JOURNAL = {Math. Nachr.},
  FJOURNAL = {Mathematische Nachrichten},
    VOLUME = {280},
      YEAR = {2007},
    NUMBER = {13-14},
     PAGES = {1510--1517},
      ISSN = {0025-584X,1522-2616},
   MRCLASS = {14H60},
  MRNUMBER = {2354976},
MRREVIEWER = {Zhenbo\ Qin},
       DOI = {10.1002/mana.200510561},
       URL = {https://doi.org/10.1002/mana.200510561},
}

@incollection {Stromme,
    AUTHOR = {Str\o mme, Stein Arild},
     TITLE = {On parametrized rational curves in {G}rassmann varieties},
 BOOKTITLE = {Space curves ({R}occa di {P}apa, 1985)},
    SERIES = {Lecture Notes in Math.},
    VOLUME = {1266},
     PAGES = {251--272},
 PUBLISHER = {Springer, Berlin},
      YEAR = {1987},
      ISBN = {3-540-18020-6},
   MRCLASS = {14H10 (14C22 14F05 14F45 14M15)},
  MRNUMBER = {908717},
MRREVIEWER = {Rafael\ Hernandez},
       DOI = {10.1007/BFb0078187},
       URL = {https://doi.org/10.1007/BFb0078187},
}

@misc{Larson-Vakil-BottPeriodicity,
    title = {{Complex Bott Periodicity in algebraic geometry}},
    author = {Hannah Larson and Ravi Vakil},
    note = { arXiv:math/2411.09122 }}





@article {King-quivers,
    AUTHOR = {King, A. D.},
     TITLE = {Moduli of representations of finite-dimensional algebras},
   JOURNAL = {Quart. J. Math. Oxford Ser. (2)},
  FJOURNAL = {The Quarterly Journal of Mathematics. Oxford. Second Series},
    VOLUME = {45},
      YEAR = {1994},
    NUMBER = {180},
     PAGES = {515--530},
      ISSN = {0033-5606,1464-3847},
   MRCLASS = {16G10 (14D25)},
  MRNUMBER = {1315461},
       DOI = {10.1093/qmath/45.4.515},
       URL = {https://doi.org/10.1093/qmath/45.4.515},
}

@article {Nakajima-Duke88,
    AUTHOR = {Nakajima, Hiraku},
     TITLE = {Quiver varieties and {K}ac-{M}oody algebras},
   JOURNAL = {Duke Math. J.},
  FJOURNAL = {Duke Mathematical Journal},
    VOLUME = {91},
      YEAR = {1998},
    NUMBER = {3},
     PAGES = {515--560},
      ISSN = {0012-7094,1547-7398},
   MRCLASS = {17B67 (14D25 16G20 17B35 53C25 58F05)},
  MRNUMBER = {1604167},
MRREVIEWER = {Michael\ M.\ Kapranov},
       DOI = {10.1215/S0012-7094-98-09120-7},
       URL = {https://doi.org/10.1215/S0012-7094-98-09120-7},
}

@article {Nakajima-Handsaw,
    AUTHOR = {Nakajima, Hiraku},
     TITLE = {Handsaw quiver varieties and finite {$W$}-algebras},
   JOURNAL = {Mosc. Math. J.},
  FJOURNAL = {Moscow Mathematical Journal},
    VOLUME = {12},
      YEAR = {2012},
    NUMBER = {3},
     PAGES = {633--666, 669--670},
      ISSN = {1609-3321,1609-4514},
   MRCLASS = {17B37 (14D21)},
  MRNUMBER = {3024827},
MRREVIEWER = {Kyungyong\ Lee},
       DOI = {10.17323/1609-4514-2012-12-3-633-666},
       URL = {https://doi.org/10.17323/1609-4514-2012-12-3-633-666},
}


@book {Huybrechts-FMbook,
    AUTHOR = {Huybrechts, D.},
     TITLE = {Fourier-{M}ukai transforms in algebraic geometry},
    SERIES = {Oxford Mathematical Monographs},
 PUBLISHER = {The Clarendon Press, Oxford University Press, Oxford},
      YEAR = {2006},
     PAGES = {viii+307},
      ISBN = {978-0-19-929686-6; 0-19-929686-3},
   MRCLASS = {14F05 (14-02 18E30)},
  MRNUMBER = {2244106},
MRREVIEWER = {Bal\'azs\ Szendr\H oi},
       DOI = {10.1093/acprof:oso/9780199296866.001.0001},
       URL = {https://doi.org/10.1093/acprof:oso/9780199296866.001.0001},
}

@misc{Anderson-Fulton,
    title = {{Equivariant Cohomology in Algebraic Geometry}},
    author = {David Anderson and William Fulton},
    note = { https://people.math.osu.edu/anderson.2804/ecag/bookECAG.2021.8.31.pdf}
    }


@article {Bryan-Sanders-2000,
   AUTHOR = {Bryan, Jim and Sanders, Marc},
    TITLE = {Instantons on {${S}^4$} and {$\overline{\mathbf {CP}}^2$}, rank stabilization, and {B}ott periodicity},
  JOURNAL = {Topology},
 FJOURNAL = {Topology. An International Journal of Mathematics},
   VOLUME = {39},
     YEAR = {2000},
   NUMBER = {2},
    PAGES = {331--352},
     ISSN = {0040-9383},
    CODEN = {TPLGAF},
  MRCLASS = {58Dxx (14Dxx 57Rxx)},
 MRNUMBER = {1 722 012},
}


@incollection {Mann-Milgram-93,
    AUTHOR = {Mann, Benjamin M. and Milgram, R. James},
     TITLE = {The topology of rational maps to {G}rassmannians and a
              homotopy-theoretic proof of the {K}irwan stability theorem},
 BOOKTITLE = {Algebraic topology ({O}axtepec, 1991)},
    SERIES = {Contemp. Math.},
    VOLUME = {146},
     PAGES = {251--275},
 PUBLISHER = {Amer. Math. Soc., Providence, RI},
      YEAR = {1993},
   MRCLASS = {55R99 (55S12 58D29)},
  MRNUMBER = {1224919},
MRREVIEWER = {Marc Aubry},
       DOI = {10.1090/conm/146/01227},
       URL = {https://doi.org/10.1090/conm/146/01227},
}

@article {Boyer-Mann-Hurtubise-Milgram,
    AUTHOR = {Boyer, C. P. and Mann, B. M. and Hurtubise, J. C. and Milgram,
              R. J.},
     TITLE = {The topology of the space of rational maps into generalized
              flag manifolds},
   JOURNAL = {Acta Math.},
  FJOURNAL = {Acta Mathematica},
    VOLUME = {173},
      YEAR = {1994},
    NUMBER = {1},
     PAGES = {61--101},
      ISSN = {0001-5962},
   MRCLASS = {55P35 (58D15)},
  MRNUMBER = {1294670},
MRREVIEWER = {Martin A. Guest},
       DOI = {10.1007/BF02392569},
       URL = {https://doi.org/10.1007/BF02392569},
}

@article {Kirwan-1986,
    AUTHOR = {Kirwan, Frances},
     TITLE = {On spaces of maps from {R}iemann surfaces to {G}rassmannians
              and applications to the cohomology of moduli of vector
              bundles},
   JOURNAL = {Ark. Mat.},
  FJOURNAL = {Arkiv f\"or Matematik},
    VOLUME = {24},
      YEAR = {1986},
    NUMBER = {2},
     PAGES = {221--275},
      ISSN = {0004-2080,1871-2487},
   MRCLASS = {14D22 (14F05 32H99 32L10 58D15)},
  MRNUMBER = {884188},
MRREVIEWER = {P.\ E.\ Newstead},
       DOI = {10.1007/BF02384399},
       URL = {https://doi.org/10.1007/BF02384399},
}

@article {Segal-1979,
    AUTHOR = {Segal, Graeme},
     TITLE = {The topology of spaces of rational functions},
   JOURNAL = {Acta Math.},
  FJOURNAL = {Acta Mathematica},
    VOLUME = {143},
      YEAR = {1979},
    NUMBER = {1-2},
     PAGES = {39--72},
      ISSN = {0001-5962,1871-2509},
   MRCLASS = {55P10 (32C42 81E10)},
  MRNUMBER = {533892},
MRREVIEWER = {D.\ B.\ Fuchs},
       DOI = {10.1007/BF02392088},
       URL = {https://doi.org/10.1007/BF02392088},
}